@techreport{diener,
author = "Andreas Diener",
title = "{L}okation in {S}ensornetzen",
institution = "ETH Zürich – Departement Informatik"
}
@techreport{whitehouse,
author = "Cameron Whitehouse",
title = "The design of calamari: an ad-hoc localization system for sensor networks",
institution = "University of California at Berkeley",
type = "Master's thesis",
year = "2002"
}